@INPROCEEDINGS{subsumption,
  title={Subsumption architecture for the control of robots},
  author={Toal, Daniel and Flanagan, Colin and Jones, Caimin and Strunz, Bob},
  booktitle={Proc. of the IMC},
  volume={13},
  year={1996},
  organization={Citeseer}
}
@INPROCEEDINGS{kinectfusion, 
author={R. A. Newcombe and S. Izadi and O. Hilliges and D. Molyneaux and D. Kim and A. J. Davison and P. Kohi and J. Shotton and S. Hodges and A. Fitzgibbon}, 
booktitle={Mixed and Augmented Reality (ISMAR), 2011 10th IEEE International Symposium on}, 
title={KinectFusion: Real-time dense surface mapping and tracking}, 
year={2011}, 
pages={127-136}, 
keywords={Cameras;Image reconstruction;Iterative closest point algorithm;Real time systems;Simultaneous localization and mapping;Surface reconstruction;Three dimensional displays;AR;Dense Reconstruction;Depth Cameras;GPU;Real-Time;SLAM;Tracking;Volumetric Representation}, 
doi={10.1109/ISMAR.2011.6092378}, 
month={Oct},}
@ARTICLE{6222306, 
author={S. S. Srinivasa and D. Berenson and M. Cakmak and A. Collet and M. R. Dogar and A. D. Dragan and R. A. Knepper and T. Niemueller and K. Strabala and M. Vande Weghe and J. Ziegler}, 
journal={Proceedings of the IEEE}, 
title={Herb 2.0: Lessons Learned From Developing a Mobile Manipulator for the Home}, 
year={2012}, 
volume={100}, 
number={8}, 
pages={2410-2428}, 
keywords={home computing;manipulators;mobile robots;software architecture;Carnegie Mellon University;Herb 2.0;bimanual mobile manipulator;core algorithms;general-purpose capability;hardware design;kitchen environments;office environments;personal robotics lab;robotic systems;software architecture;Hardware design languages;Human factors;Intelligent systems;Manipulators;Mobile communication;Quality assessment;Sensors;Service robots;Human-robot interaction;mobile manipulation;motion planning;perception;personal robotics;trajectory optimization}, 
doi={10.1109/JPROC.2012.2200561}, 
ISSN={0018-9219}, 
month={Aug},}
@INPROCEEDINGS{objectlabelling, 
author={K. Lai and Liefeng Bo and Xiaofeng Ren and D. Fox}, 
booktitle={Robotics and Automation (ICRA), 2012 IEEE International Conference on}, 
title={Detection-based object labeling in 3D scenes}, 
year={2012}, 
pages={1330-1337}, 
keywords={Markov processes;image colour analysis;image reconstruction;object detection;probability;random processes;3D scene reconstruction;3D shape;Markov random field;RGB-D frame;RGB-D scenes dataset;RGB-D videos;class probabilities;color+depth videos;detection-based object labeling;object detection;sliding window detectors;view-based detection;voxel representation;Detectors;Feature extraction;Labeling;Object detection;Shape;Training;Videos}, 
doi={10.1109/ICRA.2012.6225316}, 
ISSN={1050-4729}, 
month={May},}
@ARTICLE{herbrobot, 
author={S. S. Srinivasa and D. Berenson and M. Cakmak and A. Collet and M. R. Dogar and A. D. Dragan and R. A. Knepper and T. Niemueller and K. Strabala and M. Vande Weghe and J. Ziegler}, 
journal={Proceedings of the IEEE}, 
title={Herb 2.0: Lessons Learned From Developing a Mobile Manipulator for the Home}, 
year={2012}, 
volume={100}, 
number={8}, 
pages={2410-2428}, 
keywords={home computing;manipulators;mobile robots;software architecture;Carnegie Mellon University;Herb 2.0;bimanual mobile manipulator;core algorithms;general-purpose capability;hardware design;kitchen environments;office environments;personal robotics lab;robotic systems;software architecture;Hardware design languages;Human factors;Intelligent systems;Manipulators;Mobile communication;Quality assessment;Sensors;Service robots;Human-robot interaction;mobile manipulation;motion planning;perception;personal robotics;trajectory optimization}, 
doi={10.1109/JPROC.2012.2200561}, 
ISSN={0018-9219}, 
month={Aug},}
ï»¿@Inbook{reliablegrasping,
author="Ciocarlie, Matei
and Hsiao, Kaijen
and Jones, Edward Gil
and Chitta, Sachin
and Rusu, Radu Bogdan
and {\c{S}}ucan, Ioan A.",
chapter="Towards Reliable Grasping and Manipulation in Household Environments",
title="Experimental Robotics: The 12th International Symposium on Experimental Robotics",
year="2014",
publisher="Springer Berlin Heidelberg",
address="Berlin, Heidelberg",
pages="241--252",
isbn="978-3-642-28572-1",
doi="10.1007/978-3-642-28572-1_17",
url="http://dx.doi.org/10.1007/978-3-642-28572-1_17"
}
@book{activecontours,
   title = "Active contours : the application of techniques from graphics, vision, control theory and statistics to visual tracking of shapes in motion",
   author = "Blake, Andrew and Isard, Michael",
   publisher = "Springer",
   address = "Berlin, London, New York",
   url = "http://opac.inria.fr/record=b1094390",
   isbn = "3-540-76217-5",
   year = 1998
}
@article{mortensen,
 author = {Mortensen, Eric N.},
 title = {Vision-assisted Image Editing},
 journal = {SIGGRAPH Comput. Graph.},
 issue_date = {Nov.2000},
 volume = {33},
 number = {4},
 month = nov,
 year = {1999},
 issn = {0097-8930},
 pages = {55--57},
 numpages = {3},
 url = {http://doi.acm.org/10.1145/345370.345410},
 doi = {10.1145/345370.345410},
 acmid = {345410},
 publisher = {ACM},
 address = {New York, NY, USA},
} 
@book{robuststats,
  added-at = {2009-09-18T15:57:58.000+0200},
  author = {Huber, P.J. and Wiley, J. and InterScience, W.},
  biburl = {http://www.bibsonomy.org/bibtex/27d21eabe9d82502ce4eff8a69ac1461b/janlo},
  interhash = {cbbe503f128251419e4adeeefa9478c9},
  intrahash = {7d21eabe9d82502ce4eff8a69ac1461b},
  jlprojects = {wiser_than_crowd},
  keywords = {},
  publisher = {Wiley New York},
  timestamp = {2009-09-18T15:57:58.000+0200},
  title = {{Robust statistics}},
  year = 1981
}
@inproceedings{quam,
    address = {New Orleans, Lousiana,},
    author = {Quam, L. H.},
    booktitle = {Image Understanding Workshop},
    citeulike-article-id = {1655215},
    keywords = {bibtex-import},
    month = dec,
    pdf = {Stereo/563.pdf},
    posted-at = {2007-09-14 10:08:45},
    priority = {0},
    title = {Hierarchical warp stereo},
    year = {1984}
}
@book{robotintro,
 author = {Craig, John J.},
 title = {Introduction to Robotics: Mechanics and Control},
 year = {1989},
 isbn = {0201095289},
 edition = {2nd},
 publisher = {Addison-Wesley Longman Publishing Co., Inc.},
 address = {Boston, MA, USA},
} 
@article{ransac,
 author = {Fischler, Martin A. and Bolles, Robert C.},
 title = {Random Sample Consensus: A Paradigm for Model Fitting with Applications to Image Analysis and Automated Cartography},
 journal = {Commun. ACM},
 issue_date = {June 1981},
 volume = {24},
 number = {6},
 month = jun,
 year = {1981},
 issn = {0001-0782},
 pages = {381--395},
 numpages = {15},
 url = {http://doi.acm.org/10.1145/358669.358692},
 doi = {10.1145/358669.358692},
 acmid = {358692},
 publisher = {ACM},
 address = {New York, NY, USA},
 keywords = {automated cartography, camera calibration, image matching, location determination, model fitting, scene analysis},
} 
@INPROCEEDINGS{3dmodels, 
author={D. G. Lowe}, 
booktitle={Computer Vision and Pattern Recognition, 2001. CVPR 2001. Proceedings of the 2001 IEEE Computer Society Conference on}, 
title={Local feature view clustering for 3D object recognition}, 
year={2001}, 
volume={1}, 
pages={I-682-I-688 vol.1}, 
keywords={feature extraction;image matching;object recognition;pattern clustering;stereo image processing;3D object recognition;cluttered natural images;geometric accuracy;imaging conditions;invariant local image feature matching;local feature view clustering;loosened geometric constraints;nonrigid changes;nonrigid models;probabilistic model;robustness;single model representation;training images;Computer science;Image databases;Image recognition;Layout;Lighting;Object recognition;Performance evaluation;Robustness;Solid modeling;Spatial databases}, 
doi={10.1109/CVPR.2001.990541}, 
ISSN={1063-6919}, 
month={},}
@article{clutter,
  title={Using manipulation primitives for object sorting in cluttered environments},
  author={Gupta, Megha and Muller, Jorg and Sukhatme, Gaurav S},
  journal={Automation Science and Engineering, IEEE Transactions on},
  volume={12},
  number={2},
  pages={608--614},
  year={2015},
  publisher={IEEE}
}
@INPROCEEDINGS{PCA, 
author={Yan Ke and R. Sukthankar}, 
booktitle={Computer Vision and Pattern Recognition, 2004. CVPR 2004. Proceedings of the 2004 IEEE Computer Society Conference on}, 
title={PCA-SIFT: a more distinctive representation for local image descriptors}, 
year={2004}, 
volume={2}, 
pages={II-506-II-513 Vol.2}, 
keywords={feature extraction;image registration;image representation;image retrieval;object recognition;principal component analysis;image deformations;image gradient;image registration;image retrieval application;local feature detection;local image descriptor;object recognition algorithms;principal components analysis;Computer science;Computer vision;Filters;Histograms;Image registration;Image retrieval;Object detection;Object recognition;Principal component analysis;Robustness}, 
doi={10.1109/CVPR.2004.1315206}, 
ISSN={1063-6919}, 
month={June},}
@INPROCEEDINGS{clothgrasp,
     author = {Maitin-Shepard, J. and M. Cusumano-Towner, J. Lei and Abbeel, P.},
      title = {Cloth Grasp Point Detection based on Multiple-View Geometric Cues with Application to Robotic Towel Folding},
  booktitle = {icra},
       year = {2010},
date-added={2012-09-24 10:02:38 +0200},
date-modified={2012-09-24 10:02:38 +0200},
project={fremdliteratur},
}
@book{speech,
  title={Statistical methods for speech recognition},
  author={Frederick Jelinek},
  year={1997},
  publisher={MIT press}
}
@book{usingspeech,
 author = {Markowitz, Judith A.},
 title = {Using Speech Recognition},
 year = {2000},
 isbn = {0970525206},
 publisher = {Markowitz, J. Consultants},
}
@article{neuralnetworks,
 author = {Rumelhart, David E. and Widrow, Bernard and Lehr, Michael A.},
 title = {The Basic Ideas in Neural Networks},
 journal = {Commun. ACM},
 issue_date = {March 1994},
 volume = {37},
 number = {3},
 month = mar,
 year = {1994},
 issn = {0001-0782},
 pages = {87--92},
 numpages = {6},
 url = {http://doi.acm.org/10.1145/175247.175256},
 doi = {10.1145/175247.175256},
 acmid = {175256},
 publisher = {ACM},
 address = {New York, NY, USA},
} 