@INPROCEEDINGS{kinectfusion, 
author={R. A. Newcombe and S. Izadi and O. Hilliges and D. Molyneaux and D. Kim and A. J. Davison and P. Kohi and J. Shotton and S. Hodges and A. Fitzgibbon}, 
booktitle={Mixed and Augmented Reality (ISMAR), 2011 10th IEEE International Symposium on}, 
title={KinectFusion: Real-time dense surface mapping and tracking}, 
year={2011}, 
pages={127-136}, 
keywords={Cameras;Image reconstruction;Iterative closest point algorithm;Real time systems;Simultaneous localization and mapping;Surface reconstruction;Three dimensional displays;AR;Dense Reconstruction;Depth Cameras;GPU;Real-Time;SLAM;Tracking;Volumetric Representation}, 
doi={10.1109/ISMAR.2011.6092378}, 
month={Oct},}
@ARTICLE{6222306, 
author={S. S. Srinivasa and D. Berenson and M. Cakmak and A. Collet and M. R. Dogar and A. D. Dragan and R. A. Knepper and T. Niemueller and K. Strabala and M. Vande Weghe and J. Ziegler}, 
journal={Proceedings of the IEEE}, 
title={Herb 2.0: Lessons Learned From Developing a Mobile Manipulator for the Home}, 
year={2012}, 
volume={100}, 
number={8}, 
pages={2410-2428}, 
keywords={home computing;manipulators;mobile robots;software architecture;Carnegie Mellon University;Herb 2.0;bimanual mobile manipulator;core algorithms;general-purpose capability;hardware design;kitchen environments;office environments;personal robotics lab;robotic systems;software architecture;Hardware design languages;Human factors;Intelligent systems;Manipulators;Mobile communication;Quality assessment;Sensors;Service robots;Human-robot interaction;mobile manipulation;motion planning;perception;personal robotics;trajectory optimization}, 
doi={10.1109/JPROC.2012.2200561}, 
ISSN={0018-9219}, 
month={Aug},}
@INPROCEEDINGS{objectlabelling, 
author={K. Lai and Liefeng Bo and Xiaofeng Ren and D. Fox}, 
booktitle={Robotics and Automation (ICRA), 2012 IEEE International Conference on}, 
title={Detection-based object labeling in 3D scenes}, 
year={2012}, 
pages={1330-1337}, 
keywords={Markov processes;image colour analysis;image reconstruction;object detection;probability;random processes;3D scene reconstruction;3D shape;Markov random field;RGB-D frame;RGB-D scenes dataset;RGB-D videos;class probabilities;color+depth videos;detection-based object labeling;object detection;sliding window detectors;view-based detection;voxel representation;Detectors;Feature extraction;Labeling;Object detection;Shape;Training;Videos}, 
doi={10.1109/ICRA.2012.6225316}, 
ISSN={1050-4729}, 
month={May},}
@ARTICLE{herbrobot, 
author={S. S. Srinivasa and D. Berenson and M. Cakmak and A. Collet and M. R. Dogar and A. D. Dragan and R. A. Knepper and T. Niemueller and K. Strabala and M. Vande Weghe and J. Ziegler}, 
journal={Proceedings of the IEEE}, 
title={Herb 2.0: Lessons Learned From Developing a Mobile Manipulator for the Home}, 
year={2012}, 
volume={100}, 
number={8}, 
pages={2410-2428}, 
keywords={home computing;manipulators;mobile robots;software architecture;Carnegie Mellon University;Herb 2.0;bimanual mobile manipulator;core algorithms;general-purpose capability;hardware design;kitchen environments;office environments;personal robotics lab;robotic systems;software architecture;Hardware design languages;Human factors;Intelligent systems;Manipulators;Mobile communication;Quality assessment;Sensors;Service robots;Human-robot interaction;mobile manipulation;motion planning;perception;personal robotics;trajectory optimization}, 
doi={10.1109/JPROC.2012.2200561}, 
ISSN={0018-9219}, 
month={Aug},}
ï»¿@Inbook{reliablegrasping,
author="Ciocarlie, Matei
and Hsiao, Kaijen
and Jones, Edward Gil
and Chitta, Sachin
and Rusu, Radu Bogdan
and {\c{S}}ucan, Ioan A.",
editor="Khatib, Oussama
and Kumar, Vijay
and Sukhatme, Gaurav",
chapter="Towards Reliable Grasping and Manipulation in Household Environments",
title="Experimental Robotics: The 12th International Symposium on Experimental Robotics",
year="2014",
publisher="Springer Berlin Heidelberg",
address="Berlin, Heidelberg",
pages="241--252",
isbn="978-3-642-28572-1",
doi="10.1007/978-3-642-28572-1_17",
url="http://dx.doi.org/10.1007/978-3-642-28572-1_17"
}